@misc{varnai,
  title={Gy{\"o}rgy Ligeti in conversation},
  author={Varnai, Peter and H{\"a}usler, Josef and Samuel, Claude},
  year={1983},
  publisher={London: Eulenburg Books},
  pages={13--82}
}
@article{stockhausen,
  title={The concept of unity in electronic music},
  author={Stockhausen, Karlheinz and Barkin, Elaine},
  journal={Perspectives of New Music},
  pages={39--48},
  year={1962},
  publisher={JSTOR}
}
@online{koenig,
  title={The Construction of Sound},
  author={Koenig, Gottfried Michael},
  year={1963},
  url={http://www.koenigproject.nl/Construction_of_Sound.pdf},
  urldate={2015-07-17}
}
@misc{rami_music,
  author={Ligeti, Gy{\"o}rgy},
  title={Ramifications},
  year={2003},
  note={The Ligeti Project Vol 4. Germany: Teldec},
  type={CD}
}
@misc{gesang_music,
  author={Stockhausen, Karlheinz},
  title={Gesang der Junglinge},
  year={1991},
  note={Elektronische Musik. Germany: Stockhausen-Verlag},
  type={CD}
}
@misc{todo_music,
  author={Koenig, Gottfried Michael},
  title={todo},
  year={todo},
  note={Acousmatrix I/II. Netherlands: BV Haast Records},
  type={CD}
}
@misc{rami,
  author={Ligeti, Gy{\"o}rgy},
  title={Ramifications: for string orchestra or 12 solo strings},
  year={1968--69},
  howpublished={B. Schottâ€™s Sohne}
}
@misc{gesang,
  title={Gesang der J{\"u}nglinge},
  author={Stockhausen, Karlheinz},
  year={1956}
}
@article{levy2006,
  title={The Electronic Works of Gy{\"o}rgy Ligeti and Their Influence on His Later Style},
  author={Levy, Benjamin Robert},
  year={2006},
  url={http://drum.lib.umd.edu/bitstream/1903/3457/1/umi-umd-3281.pdf},
  urldate={2015-07-17}
}
@misc{frigyesi,
  title={Gy{\"o}rgy Ligeti},
  author={Frigyesi, Judit},
  year={2006},
  note={Bar-Ilan University}
}
@online{stockhausen_grove,
  author={Richard Toop},
  title={Stockhausen, Karlheinz},
  year={n.d.},
  note={Grove Music Online. Oxford Music Online. Oxford University Press},
  url={http://www.oxfordmusiconline.com/subscriber/article/grove/music/26808},
  urldate={2015-07-25}
}
@online{ligeti_grove,
  author={Paul Griffiths},
  title={Ligeti, Gy{\"o}rgy},
  year={n.d.},
  journal={Grove Music Online},
  publisher={Oxford Music Online. Oxford University Press},
  note={Grove Music Online. Oxford Music Online. Oxford University Press},
  url={http://www.oxfordmusiconline.com/subscriber/article/grove/music/16642},
  urldate={2015-07-25}
}
@online{koenig_grove,
  author={Wolf Frobenius},
  title={Koenig, Gottfried Michael},
  year={n.d.},
  journal={Grove Music Online},
  publisher={Oxford Music Online. Oxford University Press},
  note={Grove Music Online. Oxford Music Online. Oxford University Press},
  url={http://www.oxfordmusiconline.com/subscriber/article/grove/music/15252},
  urldate={2015-07-25}
}
@online{darmstadt_oxford,
  author={Richard Taruskin},
  title={Chapter 1 Starting from Scratch},
  journal={The Oxford History of Western Music},
  publisher={Oxford University Press. New York, USA},
  note={The Oxford History of Western Music. Oxford University Press. New York, USA},
  year={n.d.},
  urldate={2015-09-12},
  url={http://www.oxfordwesternmusic.com/view/Volume5/actrade-9780195384857-div1-001008.xml}
}
@online{nwdr,
  title={The Birth of Electronic Music Recording Studios},
  site={Martian Arts},
  urldate={2015-09-12},
  url={http://www.martianarts.net/web/culture/technology/105-the-birth-of-electronic-music-recording-studios}
}
@online{oxford_electronic_music,
  title={Electronic music},
  publisher={Oxford Dictionaries},
  year={n.d.},
  note={Oxford University Press},
  urldate={2015-09-27},
  url={http://www.oxforddictionaries.com/definition/english/electronic-music}
}
